@article{Katzenbeisser2000,
 editor = {Katzenbeisser, Stefan and Petitcolas, Fabien A.},
 title = {Information Hiding Techniques for Steganography and Digital Watermarking},
 year = {2000},
 isbn = {1580530354},
 edition = {1st},
 publisher = {Artech House, Inc.},
 address = {Norwood, MA, USA},
}

@article{Zhao4224148,
author={Huanyu Zhao and Xiaolin Li},
booktitle={Advanced Information Networking and Applications Workshops, 2007, AINAW '07. 21st International Conference on},
title={S3PAS: A Scalable Shoulder-Surfing Resistant Textual-Graphical Password Authentication Scheme},
year={2007},
month={May},
volume={2},
pages={467-472},
keywords={authorisation;computer crime;graphical user interfaces;S3PAS;hidden-camera attacks;scalable shoulder-surfing resistance;spyware attacks;textual-graphical password authentication scheme;user password profiles;Authentication;Communication system security;Computer science;Costs;Face;Humans;Keyboards;Laboratories;Software systems;Watches},
doi={10.1109/AINAW.2007.317},}

@article{Madlmayr4529403,
author={Madlmayr, G. and Langer, J. and Kantner, C. and Scharinger, J.},
booktitle={Availability, Reliability and Security, 2008. ARES 08. Third International Conference on},
title={NFC Devices: Security and Privacy},
year={2008},
month={March},
pages={642-647},
keywords={data privacy;security of data;data privacy;near field communication device;security of data;Bluetooth;Communications technology;Information security;Peer to peer computing;Privacy;Protection;Sections;Smart cards;Transponders;Wireless communication;NFC;Secure Element;Smart Card},
doi={10.1109/ARES.2008.105},}

@article{Raju7019771,
author={Raju, A.S. and Udayashankara, V.},
booktitle={Contemporary Computing and Informatics (IC3I), 2014 International Conference on},
title={Biometric person authentication: A review},
year={2014},
month={Nov},
pages={575-580},
keywords={biometrics (access control);UBS;biometric classification methods;biometric person authentication;biometric system modalities;biometric technology;experimental results;feature vector processing;human inimitable characteristics;multimodal biometric system;research and development;robust biometric system;smart electronic devices;technological perspective;unimodal biometric system;unimodal system demerits;unimodal system merits;Authentication;Face;Face recognition;Feature extraction;Fingerprint recognition;Iris recognition;Biometrics;Face;Fingerprint;Iris;Multi-modal biometrics;Performance parameters;Person authentication;Unimodal;Voice},
doi={10.1109/IC3I.2014.7019771},}

@article{Batool6151452,
author={Batool, A. and Tariq, A.},
booktitle={Multitopic Conference (INMIC), 2011 IEEE 14th International},
title={Computerized system for fingerprint identification for biometric security},
year={2011},
month={Dec},
pages={102-106},
keywords={feature extraction;fingerprint identification;image enhancement;image matching;visual databases;adjacent feature vector technique;automated fingerprint identification system;biometric security;computerized system;digital imaging methodology;feature extraction;fingerprint image database FVC2004;fingerprint image identification;fingerprint matching;fingerprint verification competition;image enhancement;noise removal;unwanted feature removal;Face recognition;Feature extraction;Fingerprint recognition;Image enhancement;Image segmentation;Manuals;Performance evaluation;Feature Extraction;Feature Matching;Fingerprint Images;Image Enhancement},
doi={10.1109/INMIC.2011.6151452},}
